%bibtex entries 

@article{armbrust2010view,
  title={A view of cloud computing},
  author={Armbrust, Michael and Fox, Armando and Griffith, Rean and Joseph, Anthony D and Katz, Randy and Konwinski, Andy and Lee, Gunho and Patterson, David and Rabkin, Ariel and Stoica, Ion and others},
  journal={Communications of the ACM},
  volume={53},
  number={4},
  pages={50--58},
  year={2010},
  publisher={ACM}
}

@article{buyya2009cloud,
  title={Cloud computing and emerging IT platforms: Vision, hype, and reality for delivering computing as the 5th utility},
  author={Buyya, Rajkumar and Yeo, Chee Shin and Venugopal, Srikumar and Broberg, James and Brandic, Ivona},
  journal={Future Generation computer systems},
  volume={25},
  number={6},
  pages={599--616},
  year={2009},
  publisher={Elsevier}
}

@inproceedings{wen2012comparison,
  title={Comparison of open-source cloud management platforms: OpenStack and OpenNebula},
  author={Wen, Xiaolong and Gu, Genqiang and Li, Qingchun and Gao, Yun and Zhang, Xuejie},
  booktitle={Fuzzy Systems and Knowledge Discovery (FSKD), 2012 9th International Conference on},
  pages={2457--2461},
  year={2012},
  organization={IEEE}
}

@article{su2013cost,
  title={Cost-efficient task scheduling for executing large programs in the cloud},
  author={Su, Sen and Li, Jian and Huang, Qingjia and Huang, Xiao and Shuang, Kai and Wang, Jie},
  journal={Parallel Computing},
  year={2013},
  publisher={Elsevier}
}

@article{zheng2013budget,
  title={Budget-Deadline Constrained Workflow Planning for Admission Control},
  author={Zheng, Wei and Sakellariou, Rizos},
  journal={Journal of Grid Computing},
  pages={1--19},
  year={2013},
  publisher={Springer}
}

@article{chen2009ant,
  title={An ant colony optimization approach to a grid workflow scheduling problem with various QoS requirements},
  author={Chen, Wei-Neng and Zhang, Jun},
  journal={Systems, Man, and Cybernetics, Part C: Applications and Reviews, IEEE Transactions on},
  volume={39},
  number={1},
  pages={29--43},
  year={2009},
  publisher={IEEE}
}

@inproceedings{abraham2000nature,
  title={Nature's heuristics for scheduling jobs on computational grids},
  author={Abraham, Ajith and Buyya, Rajkumar and Nath, Baikunth},
  booktitle={The 8th IEEE international conference on advanced computing and communications (ADCOM 2000)},
  pages={45--52},
  year={2000}
}

@article{topcuoglu2002performance,
  title={Performance-effective and low-complexity task scheduling for heterogeneous computing},
  author={Topcuoglu, Haluk and Hariri, Salim and Wu, Min-you},
  journal={Parallel and Distributed Systems, IEEE Transactions on},
  volume={13},
  number={3},
  pages={260--274},
  year={2002},
  publisher={IEEE}
}

@inproceedings{vecchiola2009high,
  title={High-performance cloud computing: A view of scientific applications},
  author={Vecchiola, Christian and Pandey, Suraj and Buyya, Rajkumar},
  booktitle={Pervasive Systems, Algorithms, and Networks (ISPAN), 2009 10th International Symposium on},
  pages={4--16},
  year={2009},
  organization={IEEE}
}

@article{daoud2008high,
  title={A high performance algorithm for static task scheduling in heterogeneous distributed computing systems},
  author={Daoud, Mohammad I and Kharma, Nawwaf},
  journal={Journal of Parallel and distributed computing},
  volume={68},
  number={4},
  pages={399--409},
  year={2008},
  publisher={Elsevier}
}

@inproceedings{zhu2012performance,
  title={A performance interference model for managing consolidated workloads in QoS-aware clouds},
  author={Zhu, Qian and Tung, Teresa},
  booktitle={Cloud Computing (CLOUD), 2012 IEEE 5th International Conference on},
  pages={170--179},
  year={2012},
  organization={IEEE}
}

@inproceedings{gupta2012optimizing,
  title={Optimizing VM Placement for HPC in the Cloud},
  author={Gupta, Abhishek and Milojicic, Dejan and Kal{\'e}, Laxmikant V},
  booktitle={Proceedings of the 2012 workshop on Cloud services, federation, and the 8th open cirrus summit},
  pages={1--6},
  year={2012},
  organization={ACM}
}

@inproceedings{pu2010understanding,
  title={Understanding performance interference of i/o workload in virtualized cloud environments},
  author={Pu, Xing and Liu, Ling and Mei, Yiduo and Sivathanu, Sankaran and Koh, Younggyun and Pu, Calton},
  booktitle={Cloud Computing (CLOUD), 2010 IEEE 3rd International Conference on},
  pages={51--58},
  year={2010},
  organization={IEEE}
}

@inproceedings{nathuji2010q,
  title={Q-clouds: managing performance interference effects for qos-aware clouds},
  author={Nathuji, Ripal and Kansal, Aman and Ghaffarkhah, Alireza},
  booktitle={Proceedings of the 5th European conference on Computer systems},
  pages={237--250},
  year={2010},
  organization={ACM}
}

@inproceedings{koh2007analysis,
  title={An analysis of performance interference effects in virtual environments},
  author={Koh, Younggyun and Knauerhase, Rob and Brett, Paul and Bowman, Mic and Wen, Zhihua and Pu, Calton},
  booktitle={Performance Analysis of Systems \& Software, 2007. ISPASS 2007. IEEE International Symposium on},
  pages={200--209},
  year={2007},
  organization={IEEE}
}

@inproceedings{cucinotta2011providing,
  title={Providing performance guarantees to virtual machines using real-time scheduling},
  author={Cucinotta, Tommaso and Giani, Dhaval and Faggioli, Dario and Checconi, Fabio},
  booktitle={Euro-Par 2010 Parallel Processing Workshops},
  pages={657--664},
  year={2011},
  organization={Springer}
}

@inproceedings{younge2011analysis,
  title={Analysis of virtualization technologies for high performance computing environments},
  author={Younge, Andrew J and Henschel, Robert and Brown, James T and von Laszewski, Gregor and Qiu, Judy and Fox, Geoffrey C},
  booktitle={Cloud Computing (CLOUD), 2011 IEEE International Conference on},
  pages={9--16},
  year={2011},
  organization={IEEE}
}

@inproceedings{casanova2001sg,
  title={Simgrid: A toolkit for the simulation of application scheduling},
  author={Casanova, Henri},
  booktitle={Cluster Computing and the Grid, 2001. Proceedings. First IEEE/ACM International Symposium on},
  pages={430--437},
  year={2001},
  organization={IEEE}
}

@inproceedings{legrand2003sg,
  title={Scheduling distributed applications: the simgrid simulation framework},
  author={Legrand, Arnaud and Marchal, Loris and Casanova, Henri},
  booktitle={Cluster Computing and the Grid, 2003. Proceedings. CCGrid 2003. 3rd IEEE/ACM International Symposium on},
  pages={138--145},
  year={2003},
  organization={IEEE}
}

@inproceedings{casanova2008sg,
  title={Simgrid: A generic framework for large-scale distributed experiments},
  author={Casanova, Henri and Legrand, Arnaud and Quinson, Martin},
  booktitle={Computer Modeling and Simulation, 2008. UKSIM 2008. Tenth International Conference on},
  pages={126--131},
  year={2008},
  organization={IEEE}
}

@inproceedings{szabo2012evolving,
  title={Evolving multi-objective strategies for task allocation of scientific workflows on public clouds},
  author={Szabo, Claudia and Kroeger, Trent},
  booktitle={Evolutionary Computation (CEC), 2012 IEEE Congress on},
  pages={1--8},
  year={2012},
  organization={IEEE}
}

@inproceedings{chiang2011tracon,
  title={TRACON: Interference-aware scheduling for data-intensive applications in virtualized environments},
  author={Chiang, Ron C and Huang, H Howie},
  booktitle={Proceedings of 2011 International Conference for High Performance Computing, Networking, Storage and Analysis},
  pages={47},
  year={2011},
  organization={ACM}
}

@inproceedings{govindan2011cuanta,
  title={Cuanta: quantifying effects of shared on-chip resource interference for consolidated virtual machines},
  author={Govindan, Sriram and Liu, Jie and Kansal, Aman and Sivasubramaniam, Anand},
  booktitle={Proceedings of the 2nd ACM Symposium on Cloud Computing},
  pages={22},
  year={2011},
  organization={ACM}
}

@article{corradi2012vm,
  title={VM consolidation: a real case based on OpenStack Cloud},
  author={Corradi, Antonio and Fanelli, Mario and Foschini, Luca},
  journal={Future Generation Computer Systems},
  year={2012},
  publisher={Elsevier}
}

@ONLINE{gong2012nova,
	author = {Gong, Yong Sheng},
	title = {OpenStack nova-scheduler and its algorithm},
	month = apr,
	year = {2012},
	url = {https://www.ibm.com/developerworks/community/blogs/e93514d3-c4f0-4aa0-8844-497f370090f5/entry/openstack_nova_scheduler_and_its_algorithm27?lang=en}
}

@online{openstackcern,
  author = {OpenStack Foundation},
  title = {CERN Uses OpenStack},
  year = {2013},
  url = {http://www.openstack.org/user-stories/cern/}
}


@ONLINE{mehta2013pegasus,
  author = {Mehta, Gaurang},
  title = {WorkflowGenerator Pegasus},
  month = oct,
  year = {2013},
  url = {https://confluence.pegasus.isi.edu/display/pegasus/WorkflowGenerator}
}


@article{gu2012state,
  title={A State-of-the-Art Survey on Real-Time Issues in Embedded Systems Virtualization},
  author={Gu, Zonghua and Zhao, Qingling},
  journal={Journal of Software Engineering and Applications},
  volume={5},
  number={4},
  pages={277--290},
  year={2012},
  publisher={Scientific Research Publishing}
}

@inproceedings{lee2010supporting,
  title={Supporting soft real-time tasks in the xen hypervisor},
  author={Lee, Min and Krishnakumar, AS and Krishnan, Parameshwaran and Singh, Navjot and Yajnik, Shalini},
  booktitle={ACM Sigplan Notices},
  volume={45},
  number={7},
  pages={97--108},
  year={2010},
  organization={ACM}
}

@inproceedings{yu2010real,
  title={Real-time Enhancement for Xen hypervisor},
  author={Yu, Peijie and Xia, Mingyuan and Lin, Qian and Zhu, Min and Gao, Shang and Qi, Zhengwei and Chen, Kai and Guan, Haibing},
  booktitle={Embedded and Ubiquitous Computing (EUC), 2010 IEEE/IFIP 8th International Conference on},
  pages={23--30},
  year={2010},
  organization={IEEE}
}

@inproceedings{an2012resource,
  title={Resource management and fault tolerance principles for supporting distributed real-time and embedded systems in the cloud},
  author={An, Kyoungho},
  booktitle={Proceedings of the 9th Middleware Doctoral Symposium of the 13th ACM/IFIP/USENIX International Middleware Conference},
  pages={4},
  year={2012},
  organization={ACM}
}

@article{di2013adaptive,
  title={Adaptive Algorithm for Minimizing Cloud Task Length with Prediction Errors},
  author={Di, Sheng and Wang, C and Cappello, Franck},
  year={2013},
  publisher={IEEE}
}

